@article{Allen1877,
  title={The influence of physical conditions in the genesis of species},
  author={Allen, Joel A},
  journal={Radical review},
  volume={1},
  pages={108--140},
  year={1877}
}

@article{Barnett1984,
  title={Changes among wild house mice (Mus musculus) bred for ten generations in a cold environment, and their evolutionary implications},
  author={Barnett, SA and Dickson, RG},
  journal={Journal of Zoology},
  volume={203},
  number={2},
  pages={163--180},
  year={1984},
  publisher={Wiley Online Library}
}

@article{Bergmann1847,
  title={{\"U}ber die Verh{\"a}ltnisse der W{\"a}rme{\"o}konomie der Thiere zu ihrer Gr{\"o}sse},
  author={Bergmann, Carl},
  journal={Gottinger Studien},
  volume={3},
  pages={595-708},
  year={1847}
}

@book{Endler1977,
  title={Geographic variation, speciation, and clines},
  author={Endler, John A},
  year={1977},
  publisher={Princeton University Press}
}

@article{Harpak2021,
  title={The evolution of group differences in changing environments},
  author={Harpak, Arbel and Przeworski, Molly},
  journal={PLoS Biology},
  volume={19},
  number={1},
  pages={e3001072},
  year={2021},
  publisher={Public Library of Science}
}

@article{Huxley1938,
  title={Clines: an auxiliary taxonomic principle},
  author={Huxley, Julian},
  journal={Nature},
  volume={142},
  number={3587},
  pages={219--220},
  year={1938},
  publisher={Nature Publishing Group}
}

@article{James1983,
  title={Environmental component of morphological differentiation in birds},
  author={James, Frances C},
  journal={Science},
  volume={221},
  number={4606},
  pages={184--186},
  year={1983},
  publisher={American Association for the Advancement of Science}
}

@article{Lynch1992,
  title={Clinal variation in cold adaptation in Mus domesticus: verification of predictions from laboratory populations},
  author={Lynch, Carol Becker},
  journal={The American Naturalist},
  volume={139},
  number={6},
  pages={1219--1236},
  year={1992},
  publisher={University of Chicago Press}
}

@article{Phifer2015,
  title={The Natural History of Model Organisms: Insights into mammalian biology from the wild house mouse Mus musculus},
  author={Phifer-Rixey, Megan and Nachman, Michael W},
  journal={Elife},
  volume={4},
  pages={e05959},
  year={2015},
  publisher={eLife Sciences Publications Limited}
}

@article{Phifer2018,
  title={The genomic basis of environmental adaptation in house mice},
  author={Phifer-Rixey, Megan and Bi, Ke and Ferris, Kathleen G and Sheehan, Michael J and Lin, Dana and Mack, Katya L and Keeble, Sara M and Suzuki, Taichi A and Good, Jeffrey M and Nachman, Michael W},
  journal={PLoS Genetics},
  volume={14},
  number={9},
  pages={e1007672},
  year={2018},
  publisher={Public Library of Science}
}

@article{Suzuki2019a,
  title={Altitudinal variation of the gut microbiota in wild house mice},
  author={Suzuki, Taichi A and Martins, Felipe M and Nachman, Michael W},
  journal={Molecular ecology},
  volume={28},
  number={9},
  pages={2378--2390},
  year={2019},
  publisher={Wiley Online Library}
}

@article{Suzuki2019b,
  title={Host genetic determinants of the gut microbiota of wild mice},
  author={Suzuki, Taichi A and Phifer-Rixey, Megan and Mack, Katya L and Sheehan, Michael J and Lin, Dana and Bi, Ke and Nachman, Michael W},
  journal={Molecular ecology},
  volume={28},
  number={13},
  pages={3197--3207},
  year={2019},
  publisher={Wiley Online Library}
}

@article{Suzuki2020,
  title={The gut microbiota and Bergmann’s rule in wild house mice},
  author={Suzuki, Taichi A and Martins, Felipe M and Phifer-Rixey, Megan and Nachman, Michael W},
  journal={Molecular Ecology},
  volume={29},
  number={12},
  pages={2300--2311},
  year={2020},
  publisher={Wiley Online Library}
}

@article{Symonds2010,
  title={Geographical variation in bill size across bird species provides evidence for Allen’s rule},
  author={Symonds, Matthew RE and Tattersall, Glenn J},
  journal={The American Naturalist},
  volume={176},
  number={2},
  pages={188--197},
  year={2010},
  publisher={The University of Chicago Press}
}